<record><leader>01664cam a2200457 i 4500</leader><controlfield tag="001">6760052</controlfield><controlfield tag="003">OCoLC</controlfield><controlfield tag="005">20141202112826.0</controlfield><controlfield tag="008">140331t20152015enka     b    001 0 eng  </controlfield><datafield ind1=" " ind2=" " tag="010"><subfield code="a">  2014012118</subfield></datafield><datafield ind1=" " ind2=" " tag="020"><subfield code="a">9781138779235 (hardback)</subfield></datafield><datafield ind1=" " ind2=" " tag="020"><subfield code="a">1138779237 (hardback)</subfield></datafield><datafield ind1=" " ind2=" " tag="020"><subfield code="a">9781138779242 (paperback)</subfield></datafield><datafield ind1=" " ind2=" " tag="020"><subfield code="a">1138779245 (paperback)</subfield></datafield><datafield ind1=" " ind2=" " tag="020"><subfield code="z">9781315761091 (ebook)</subfield></datafield><datafield ind1=" " ind2=" " tag="035"><subfield code="a">ocn878050762</subfield></datafield><datafield ind1=" " ind2=" " tag="040"><subfield code="a">DLC</subfield><subfield code="e">rda</subfield><subfield code="b">eng</subfield><subfield code="c">DLC</subfield><subfield code="d">YDX</subfield><subfield code="d">YDXCP</subfield><subfield code="d">UAB</subfield></datafield><datafield ind1=" " ind2=" " tag="042"><subfield code="a">pcc</subfield></datafield><datafield ind1="0" ind2="0" tag="050"><subfield code="a">LB1062.6</subfield><subfield code="b">.G74 2015</subfield></datafield><datafield ind1="0" ind2="0" tag="082"><subfield code="a">372.1102</subfield><subfield code="2">23</subfield></datafield><datafield ind1=" " ind2=" " tag="090"><subfield code="a">LB 1062.6 G74 2015</subfield><subfield code="b">AEU</subfield></datafield><datafield ind1=" " ind2=" " tag="090"><subfield code="a">LB 1062.6 G74 2015</subfield><subfield code="b">AEKC</subfield></datafield><datafield ind1="1" ind2=" " tag="100"><subfield code="a">Grigg, Russell,</subfield><subfield code="e">author.</subfield></datafield><datafield ind1="1" ind2="0" tag="245"><subfield code="a">Becoming an outstanding primary school teacher /</subfield><subfield code="c">Russell Grigg.</subfield></datafield><datafield ind1=" " ind2=" " tag="250"><subfield code="a">Second edition.</subfield></datafield><datafield ind1=" " ind2="1" tag="264"><subfield code="a">Milton Park, Abingdon, Oxon ;</subfield><subfield code="a">New York :</subfield><subfield code="b">Routledge, Taylor &amp; Francis Group,</subfield><subfield code="c">2015.</subfield></datafield><datafield ind1=" " ind2="4" tag="264"><subfield code="c">&#169;2015</subfield></datafield><datafield ind1=" " ind2=" " tag="300"><subfield code="a">viii, 461 pages :</subfield><subfield code="b">illustrations ;</subfield><subfield code="c">25 cm</subfield></datafield><datafield ind1=" " ind2=" " tag="336"><subfield code="a">text</subfield><subfield code="2">rdacontent</subfield></datafield><datafield ind1=" " ind2=" " tag="337"><subfield code="a">unmediated</subfield><subfield code="2">rdamedia</subfield></datafield><datafield ind1=" " ind2=" " tag="338"><subfield code="a">volume</subfield><subfield code="2">rdacarrier</subfield></datafield><datafield ind1=" " ind2=" " tag="504"><subfield code="a">Includes bibliographical references and index.</subfield></datafield><datafield ind1=" " ind2=" " tag="596"><subfield code="a">31 41</subfield></datafield><datafield ind1=" " ind2="0" tag="650"><subfield code="a">Primary school teachers</subfield><subfield code="x">In-service training.</subfield></datafield><datafield ind1=" " ind2="0" tag="650"><subfield code="a">Primary school teachers</subfield><subfield code="x">Training of.</subfield></datafield><datafield ind1=" " ind2="0" tag="650"><subfield code="a">Effective teaching.</subfield></datafield><datafield ind1=" " ind2="0" tag="650"><subfield code="a">Successful teaching.</subfield></datafield><datafield ind1=" " ind2="0" tag="650"><subfield code="a">Academic achievement.</subfield></datafield><datafield ind1=" " ind2=" " tag="949"><subfield code="a">LB 1062.6 G74 2015</subfield><subfield code="c">1</subfield><subfield code="h">UAED-B</subfield><subfield code="i">0162035202629</subfield></datafield><datafield ind1=" " ind2=" " tag="926"><subfield code="a">LB 1062.6 G74 2015</subfield><subfield code="w">LC</subfield><subfield code="c">1</subfield><subfield code="i">0162035202629</subfield><subfield code="d">4/27/2015</subfield><subfield code="e">3/24/2015</subfield><subfield code="l">FLOOR_2</subfield><subfield code="m">UAEDUC</subfield><subfield code="n">3</subfield><subfield code="p">$150.00</subfield><subfield code="r">Y</subfield><subfield code="s">Y</subfield><subfield code="t">BOOK</subfield><subfield code="u">12/18/2014</subfield></datafield><datafield ind1=" " ind2=" " tag="926"><subfield code="a">LB 1062.6 G74 2015</subfield><subfield code="w">LC</subfield><subfield code="c">1</subfield><subfield code="i">3197900611212</subfield><subfield code="l">CURRICULUM</subfield><subfield code="m">KINGS</subfield><subfield code="r">Y</subfield><subfield code="s">Y</subfield><subfield code="t">BOOK</subfield><subfield code="u">9/7/2016</subfield></datafield></record>